
@article{keshav_how_2007,
	title = {How to {Read} a {Paper}},
	volume = {37},
	issn = {0146-4833},
	url = {http://doi.acm.org/10.1145/1273445.1273458},
	doi = {10.1145/1273445.1273458},
	abstract = {Researchers spend a great deal of time reading research papers. However, this skill is rarely taught, leading to much wasted effort. This article outlines a practical and efficient three-pass method for reading research papers. I also describe how to use this method to do a literature survey.},
	number = {3},
	urldate = {2016-09-28},
	journal = {SIGCOMM Comput. Commun. Rev.},
	author = {Keshav, S.},
	month = jul,
	year = {2007},
	keywords = {hints, paper, reading},
	pages = {83--84},
	file = {ACM Full Text PDF:/home/daniel/Zotero/storage/5NV74F24/Keshav - 2007 - How to Read a Paper.pdf:application/pdf}
}

@techreport{keshav_how_2016,
	address = {Waterloo, ON, Canada},
	type = {Manuscript},
	title = {How to {Read} a {Paper}},
	url = {http://blizzard.cs.uwaterloo.ca/keshav/home/Papers/data/07/paper-reading.pdf},
	abstract = {Researchers spend a great deal of time reading research papers.  However, this skill is rarely taught, leading to much wasted effort.  This article outlines a practical and efficient three-pass method for  reading  research  papers. I also describe how to use this method to do a literature survey.},
	urldate = {2017-05-10},
	author = {Keshav, S.},
	month = feb,
	year = {2016},
	file = {paper-reading.pdf:/home/daniel/Zotero/storage/QCU24MNU/paper-reading.pdf:application/pdf}
}